@inproceedings{origin,
  author    = {unknown},
  title     = {THU Beamer Theme},
  year      = {2015},
  url       = {http://far.tooold.cn/post/latex/beamertsinghua},
}

@article{jacobsen2012wave,
  title={A wave generation toolbox for the open-source CFD library: OpenFoam{\textregistered}},
  author={Jacobsen, Niels G and Fuhrman, David R and Freds{\o}e, J{\o}rgen},
  journal={International Journal for numerical methods in fluids},
  volume={70},
  number={9},
  pages={1073--1088},
  year={2012},
  publisher={Wiley Online Library}
}

@book{versteeg2007introduction,
  title={An introduction to computational fluid dynamics: the finite volume method},
  author={Versteeg, Henk Kaarle and Malalasekera, Weeratunge},
  year={2007},
  publisher={Pearson education}
}

@book{ferziger2002computational,
  title={Computational methods for fluid dynamics},
  author={Ferziger, Joel H and Peri{\'c}, Milovan and Street, Robert L},
  volume={3},
  year={2002},
  publisher={Springer}
}

@book{moukalled2016finite,
  title={The finite volume method in computational fluid dynamics},
  author={Moukalled, Fadl and Mangani, L and Darwish, Marwan and others},
  volume={6},
  year={2016},
  publisher={Springer}
}